<record><leader>00000cas a22000007a 4500</leader><controlfield tag="001">14757789</controlfield><controlfield tag="008">861117d18961898wiuwr ne      0    0eng d</controlfield><datafield ind1=" " ind2=" " tag="010"><subfield code="a">sn 86086789 </subfield></datafield><datafield ind1=" " ind2=" " tag="040"><subfield code="a">NPV</subfield><subfield code="b">eng</subfield><subfield code="c">NPV</subfield><subfield code="d">OCL</subfield><subfield code="d">NPV</subfield><subfield code="d">OCLCQ</subfield></datafield><datafield ind1=" " ind2=" " tag="042"><subfield code="a">msc</subfield></datafield><datafield ind1="0" ind2="4" tag="245"><subfield code="a">The Monroe sun-gazette.</subfield></datafield><datafield ind1="3" ind2="0" tag="246"><subfield code="a">Sun-gazette</subfield></datafield><datafield ind1=" " ind2=" " tag="260"><subfield code="a">Monroe, Wis. :</subfield><subfield code="b">Gettings &amp; Clarke,</subfield><subfield code="c">1896-1898.</subfield></datafield><datafield ind1=" " ind2=" " tag="300"><subfield code="a">v.</subfield></datafield><datafield ind1=" " ind2=" " tag="310"><subfield code="a">Weekly</subfield></datafield><datafield ind1="0" ind2=" " tag="362"><subfield code="a">Vol. 17, no. 1 (July 24, 1896)-v. 18, no. 52 (July 16, 1898).</subfield></datafield><datafield ind1=" " ind2=" " tag="500"><subfield code="a">Publisher varies.</subfield></datafield><datafield ind1=" " ind2=" " tag="752"><subfield code="a">United States</subfield><subfield code="b">Wisconsin</subfield><subfield code="c">Green</subfield><subfield code="d">Monroe.</subfield></datafield><datafield ind1="0" ind2="4" tag="780"><subfield code="t">Gazette (Monroe, Wis.)</subfield><subfield code="w">(DLC)sn 86086751</subfield><subfield code="w">(OCoLC)14578739</subfield></datafield><datafield ind1="0" ind2="4" tag="780"><subfield code="t">Monroe sun (Monroe, Wis. : 1881)</subfield><subfield code="w">(DLC)sn 86086788</subfield><subfield code="w">(OCoLC)14757711</subfield></datafield><datafield ind1="0" ind2="7" tag="785"><subfield code="t">County journal (Monroe, Wis.)</subfield><subfield code="w">(DLC)sn 86086809</subfield></datafield><datafield ind1="0" ind2="7" tag="785"><subfield code="t">Journal-gazette (Monroe, Wis.)</subfield><subfield code="w">(DLC)sn 86086810</subfield></datafield><datafield ind1="1" ind2=" " tag="029"><subfield code="a">AU@</subfield><subfield code="b">000025831640</subfield></datafield></record>